%YAML 1.1
%TAG !u! tag:unity3d.com,2011:
--- !u!1 &1997693464968526176
GameObject:
  m_ObjectHideFlags: 0
  m_CorrespondingSourceObject: {fileID: 0}
  m_PrefabInstance: {fileID: 0}
  m_PrefabAsset: {fileID: 0}
  serializedVersion: 6
  m_Component:
  - component: {fileID: 1997693464968526183}
  - component: {fileID: 4744096917536624695}
  m_Layer: 0
  m_Name: Tile
  m_TagString: Untagged
  m_Icon: {fileID: 0}
  m_NavMeshLayer: 0
  m_StaticEditorFlags: 0
  m_IsActive: 1
--- !u!4 &1997693464968526183
Transform:
  m_ObjectHideFlags: 0
  m_CorrespondingSourceObject: {fileID: 0}
  m_PrefabInstance: {fileID: 0}
  m_PrefabAsset: {fileID: 0}
  m_GameObject: {fileID: 1997693464968526176}
  m_LocalRotation: {x: 0, y: 0, z: 0, w: 1}
  m_LocalPosition: {x: 0, y: 0, z: 0}
  m_LocalScale: {x: 1, y: 1, z: 1}
  m_Children:
  - {fileID: 6121739708914185393}
  - {fileID: 533366878492603726}
  m_Father: {fileID: 0}
  m_RootOrder: 0
  m_LocalEulerAnglesHint: {x: 0, y: 0, z: 0}
--- !u!114 &4744096917536624695
MonoBehaviour:
  m_ObjectHideFlags: 0
  m_CorrespondingSourceObject: {fileID: 0}
  m_PrefabInstance: {fileID: 0}
  m_PrefabAsset: {fileID: 0}
  m_GameObject: {fileID: 1997693464968526176}
  m_Enabled: 1
  m_EditorHideFlags: 0
  m_Script: {fileID: 11500000, guid: 843925a4c037445d9bfc6d87adb8a5cc, type: 3}
  m_Name: 
  m_EditorClassIdentifier: 
  perfectRenderer: {fileID: 5894348021892516345}
--- !u!64 &7850879801755799754
MeshCollider:
  m_ObjectHideFlags: 0
  m_CorrespondingSourceObject: {fileID: 0}
  m_PrefabInstance: {fileID: 0}
  m_PrefabAsset: {fileID: 0}
  m_GameObject: {fileID: 2935878810022793702}
  m_Material: {fileID: 0}
  m_IsTrigger: 0
  m_Enabled: 1
  serializedVersion: 3
  m_Convex: 1
  m_CookingOptions: 14
  m_Mesh: {fileID: -5076798556035486163, guid: be9215721f9924615a5b1b346c89c80d, type: 3}
--- !u!1 &5982500166735559158
GameObject:
  m_ObjectHideFlags: 0
  m_CorrespondingSourceObject: {fileID: 0}
  m_PrefabInstance: {fileID: 0}
  m_PrefabAsset: {fileID: 0}
  serializedVersion: 6
  m_Component:
  - component: {fileID: 533366878492603726}
  - component: {fileID: 8973137719729883161}
  - component: {fileID: 5894348021892516345}
  m_Layer: 0
  m_Name: PerfectZone
  m_TagString: Tile
  m_Icon: {fileID: 0}
  m_NavMeshLayer: 0
  m_StaticEditorFlags: 0
  m_IsActive: 1
--- !u!4 &533366878492603726
Transform:
  m_ObjectHideFlags: 0
  m_CorrespondingSourceObject: {fileID: 0}
  m_PrefabInstance: {fileID: 0}
  m_PrefabAsset: {fileID: 0}
  m_GameObject: {fileID: 5982500166735559158}
  m_LocalRotation: {x: -0, y: -0, z: -0, w: 1}
  m_LocalPosition: {x: 0, y: -0.09, z: 0}
  m_LocalScale: {x: 0.5, y: 0.1, z: 0.5}
  m_Children: []
  m_Father: {fileID: 1997693464968526183}
  m_RootOrder: 1
  m_LocalEulerAnglesHint: {x: 0, y: 0, z: 0}
--- !u!33 &8973137719729883161
MeshFilter:
  m_ObjectHideFlags: 0
  m_CorrespondingSourceObject: {fileID: 0}
  m_PrefabInstance: {fileID: 0}
  m_PrefabAsset: {fileID: 0}
  m_GameObject: {fileID: 5982500166735559158}
  m_Mesh: {fileID: 10206, guid: 0000000000000000e000000000000000, type: 0}
--- !u!23 &5894348021892516345
MeshRenderer:
  m_ObjectHideFlags: 0
  m_CorrespondingSourceObject: {fileID: 0}
  m_PrefabInstance: {fileID: 0}
  m_PrefabAsset: {fileID: 0}
  m_GameObject: {fileID: 5982500166735559158}
  m_Enabled: 0
  m_CastShadows: 1
  m_ReceiveShadows: 1
  m_DynamicOccludee: 1
  m_MotionVectors: 1
  m_LightProbeUsage: 1
  m_ReflectionProbeUsage: 1
  m_RenderingLayerMask: 1
  m_RendererPriority: 0
  m_Materials:
  - {fileID: 2100000, guid: 29cda52f5b39a4176bd665aa6575c891, type: 2}
  m_StaticBatchInfo:
    firstSubMesh: 0
    subMeshCount: 0
  m_StaticBatchRoot: {fileID: 0}
  m_ProbeAnchor: {fileID: 0}
  m_LightProbeVolumeOverride: {fileID: 0}
  m_ScaleInLightmap: 1
  m_ReceiveGI: 1
  m_PreserveUVs: 0
  m_IgnoreNormalsForChartDetection: 0
  m_ImportantGI: 0
  m_StitchLightmapSeams: 1
  m_SelectedEditorRenderState: 3
  m_MinimumChartSize: 4
  m_AutoUVMaxDistance: 0.5
  m_AutoUVMaxAngle: 89
  m_LightmapParameters: {fileID: 0}
  m_SortingLayerID: 0
  m_SortingLayer: 0
  m_SortingOrder: 0
--- !u!1001 &1265086096843349931
PrefabInstance:
  m_ObjectHideFlags: 0
  serializedVersion: 2
  m_Modification:
    m_TransformParent: {fileID: 1997693464968526183}
    m_Modifications:
    - target: {fileID: -927199367670048503, guid: be9215721f9924615a5b1b346c89c80d,
        type: 3}
      propertyPath: m_Name
      value: Tile
      objectReference: {fileID: 0}
    - target: {fileID: -927199367670048503, guid: be9215721f9924615a5b1b346c89c80d,
        type: 3}
      propertyPath: m_TagString
      value: Tile
      objectReference: {fileID: 0}
    - target: {fileID: -5102530947620581811, guid: be9215721f9924615a5b1b346c89c80d,
        type: 3}
      propertyPath: m_TagString
      value: Tile
      objectReference: {fileID: 0}
    - target: {fileID: -4216859302048453862, guid: be9215721f9924615a5b1b346c89c80d,
        type: 3}
      propertyPath: m_LocalPosition.x
      value: 0
      objectReference: {fileID: 0}
    - target: {fileID: -4216859302048453862, guid: be9215721f9924615a5b1b346c89c80d,
        type: 3}
      propertyPath: m_LocalPosition.y
      value: -0.07
      objectReference: {fileID: 0}
    - target: {fileID: -4216859302048453862, guid: be9215721f9924615a5b1b346c89c80d,
        type: 3}
      propertyPath: m_LocalPosition.z
      value: 0
      objectReference: {fileID: 0}
    - target: {fileID: -4216859302048453862, guid: be9215721f9924615a5b1b346c89c80d,
        type: 3}
      propertyPath: m_LocalRotation.x
      value: -0
      objectReference: {fileID: 0}
    - target: {fileID: -4216859302048453862, guid: be9215721f9924615a5b1b346c89c80d,
        type: 3}
      propertyPath: m_LocalRotation.y
      value: -0
      objectReference: {fileID: 0}
    - target: {fileID: -4216859302048453862, guid: be9215721f9924615a5b1b346c89c80d,
        type: 3}
      propertyPath: m_LocalRotation.z
      value: -0
      objectReference: {fileID: 0}
    - target: {fileID: -4216859302048453862, guid: be9215721f9924615a5b1b346c89c80d,
        type: 3}
      propertyPath: m_LocalRotation.w
      value: 1
      objectReference: {fileID: 0}
    - target: {fileID: -4216859302048453862, guid: be9215721f9924615a5b1b346c89c80d,
        type: 3}
      propertyPath: m_RootOrder
      value: 0
      objectReference: {fileID: 0}
    - target: {fileID: -4216859302048453862, guid: be9215721f9924615a5b1b346c89c80d,
        type: 3}
      propertyPath: m_LocalEulerAnglesHint.x
      value: 0
      objectReference: {fileID: 0}
    - target: {fileID: -4216859302048453862, guid: be9215721f9924615a5b1b346c89c80d,
        type: 3}
      propertyPath: m_LocalEulerAnglesHint.y
      value: 0
      objectReference: {fileID: 0}
    - target: {fileID: -4216859302048453862, guid: be9215721f9924615a5b1b346c89c80d,
        type: 3}
      propertyPath: m_LocalEulerAnglesHint.z
      value: 0
      objectReference: {fileID: 0}
    - target: {fileID: -4216859302048453862, guid: be9215721f9924615a5b1b346c89c80d,
        type: 3}
      propertyPath: m_LocalScale.x
      value: 0.7
      objectReference: {fileID: 0}
    - target: {fileID: -4216859302048453862, guid: be9215721f9924615a5b1b346c89c80d,
        type: 3}
      propertyPath: m_LocalScale.y
      value: 0.7
      objectReference: {fileID: 0}
    - target: {fileID: -4216859302048453862, guid: be9215721f9924615a5b1b346c89c80d,
        type: 3}
      propertyPath: m_LocalScale.z
      value: 0.7
      objectReference: {fileID: 0}
    - target: {fileID: -3701727588016112575, guid: be9215721f9924615a5b1b346c89c80d,
        type: 3}
      propertyPath: m_Materials.Array.data[1]
      value: 
      objectReference: {fileID: 2100000, guid: 29cda52f5b39a4176bd665aa6575c891, type: 2}
    - target: {fileID: -3701727588016112575, guid: be9215721f9924615a5b1b346c89c80d,
        type: 3}
      propertyPath: m_Materials.Array.data[0]
      value: 
      objectReference: {fileID: 2100000, guid: 24301683d478143f5b0e22c8d2c2476c, type: 2}
    - target: {fileID: 856365191234717131, guid: be9215721f9924615a5b1b346c89c80d,
        type: 3}
      propertyPath: m_Materials.Array.data[0]
      value: 
      objectReference: {fileID: 2100000, guid: a08929526a1f74431a47eb1c198468c4, type: 2}
    - target: {fileID: -4861924686910468554, guid: be9215721f9924615a5b1b346c89c80d,
        type: 3}
      propertyPath: m_Materials.Array.data[0]
      value: 
      objectReference: {fileID: 2100000, guid: a08929526a1f74431a47eb1c198468c4, type: 2}
    - target: {fileID: 5902419001559106108, guid: be9215721f9924615a5b1b346c89c80d,
        type: 3}
      propertyPath: m_Materials.Array.data[0]
      value: 
      objectReference: {fileID: 2100000, guid: a08929526a1f74431a47eb1c198468c4, type: 2}
    - target: {fileID: -157825318150610632, guid: be9215721f9924615a5b1b346c89c80d,
        type: 3}
      propertyPath: m_Materials.Array.data[0]
      value: 
      objectReference: {fileID: 2100000, guid: a08929526a1f74431a47eb1c198468c4, type: 2}
    - target: {fileID: 7087200961041043365, guid: be9215721f9924615a5b1b346c89c80d,
        type: 3}
      propertyPath: m_Materials.Array.data[0]
      value: 
      objectReference: {fileID: 2100000, guid: 24301683d478143f5b0e22c8d2c2476c, type: 2}
    - target: {fileID: 7087200961041043365, guid: be9215721f9924615a5b1b346c89c80d,
        type: 3}
      propertyPath: m_Materials.Array.data[1]
      value: 
      objectReference: {fileID: 2100000, guid: a08929526a1f74431a47eb1c198468c4, type: 2}
    m_RemovedComponents: []
  m_SourcePrefab: {fileID: 100100000, guid: be9215721f9924615a5b1b346c89c80d, type: 3}
--- !u!4 &6121739708914185393 stripped
Transform:
  m_CorrespondingSourceObject: {fileID: -4216859302048453862, guid: be9215721f9924615a5b1b346c89c80d,
    type: 3}
  m_PrefabInstance: {fileID: 1265086096843349931}
  m_PrefabAsset: {fileID: 0}
--- !u!1 &2935878810022793702 stripped
GameObject:
  m_CorrespondingSourceObject: {fileID: -5102530947620581811, guid: be9215721f9924615a5b1b346c89c80d,
    type: 3}
  m_PrefabInstance: {fileID: 1265086096843349931}
  m_PrefabAsset: {fileID: 0}
